@BOOK{DUMMY:1,
	AUTHOR="John Doe",
	TITLE="The Book without Title",
	PUBLISHER="Dummy Publisher",
	YEAR="2100",
}

@ARTICLE{DBLP:journals/corr/abs-1711-10561,
	author    = {Maziar Raissi and
	Paris Perdikaris and
	George E. Karniadakis},
	title     = {Physics Informed Deep Learning (Part {I):} Data-driven Solutions of
	Nonlinear Partial Differential Equations},
	journal   = {CoRR},
	volume    = {abs/1711.10561},
	year      = {2017},
	url       = {http://arxiv.org/abs/1711.10561},
	eprinttype = {arXiv},
	eprint    = {1711.10561},
	timestamp = {Mon, 13 Aug 2018 16:47:03 +0200},
	biburl    = {https://dblp.org/rec/journals/corr/abs-1711-10561.bib},
	bibsource = {dblp computer science bibliography, https://dblp.org}
}

@ARTICLE{DBLP:journals/corr/abs-1711-10566,
	author    = {Maziar Raissi and
	Paris Perdikaris and
	George E. Karniadakis},
	title     = {Physics Informed Deep Learning (Part {II):} Data-driven Discovery
	of Nonlinear Partial Differential Equations},
	journal   = {CoRR},
	volume    = {abs/1711.10566},
	year      = {2017},
	url       = {http://arxiv.org/abs/1711.10566},
	eprinttype = {arXiv},
	eprint    = {1711.10566},
	timestamp = {Mon, 13 Aug 2018 16:47:51 +0200},
	biburl    = {https://dblp.org/rec/journals/corr/abs-1711-10566.bib},
	bibsource = {dblp computer science bibliography, https://dblp.org}
}
@ARTICLE{PINN_History,
	author    = {Shengze Cai and 
	Zhiping Mao and 
	Zhicheng Wang and 
	Minglang Yin and 
	George Em Karniadakis},
	title     = {Physics-informed neural networks (PINNs) for fluid mechanics: a review},
	journal   = {Acta Mechanica Sinica},
	volume    = {1614-3116},
	year      = {2021},
	url       = {https://doi.org/10.1007/s10409-021-01148-1},
	eprinttype = {Springer},
	eprint    = {1711.10566},
	timestamp = {Mon, 13 Aug 2018 16:47:51 +0200}
}
@MISC{Bakker,
  author        = {Andre Bakker},
  title         = {Lectures on Applied Computational Fluid Dynamics.},
  year          = {2008},
  url           = {https://www.bakker.org/Lectures-Applied-CFD.pdf},
  publisher     = {Andr√© Bakker}
}
@MISC{ANSYS.com,
  title = {Fluent ANSYS, Inc.},
  url = {\url{https://www.ansys.com/products/fluids}},
  note = {Accessed: 2022-07-01}
}

@MISC{SimScale,
  title = {SimScale Fluid Modeling},
  url = {\url{https://www.simscale.com/docs/simwiki/cfd-computational-fluid-dynamics/what-is-cfd-computational-fluid-dynamics/}},
  note = {Accessed: 2022-07-01}
}
@MISC{nn_history,
  title = {History of artificial neural networks},
  howpublished = {\url{https://en.wikipedia.org/wiki/History_of_artificial_neural_networks}},
  note = {Accessed: 2022-07-01}
}
@ARTICLE{Barba2019,
  doi = {10.21105/jose.00021},
  url = {https://doi.org/10.21105/jose.00021},
  year = {2019},
  publisher = {The Open Journal},
  volume = {2},
  number = {16},
  pages = {21},
  author = {Lorena Barba and Gilbert Forsyth},
  title = {CFD Python: the 12 steps to Navier-Stokes equations},
  journal = {Journal of Open Source Education}
}
@BOOK{NVIDIA, 
   AUTHOR       = {NVIDIA Corporation}, 
   title        = {NVIDIA Modulus User Guide},
   url          = {\url{https://docs.nvidia.com/deeplearning/modulus/user_guide/basics/lid_driven_cavity_flow.html#problem-description}},
   publisher    = {NVIDIA Corporation}, 
   year         = {2022}
}

@MISC{NASA,
 	  title={Navier-stokes equations},
 	  url={https://www.grc.nasa.gov/www/k-12/airplane/nseqs.html},
 	  journal={NASA},
 	  publisher={NASA},
 	  year={2021},
 	  month={5}
}
    
@MISC{sim_world_2014,
	 title={Navier Stokes equation: Each term explanation}, 
	 url={https://studynights.blogspot.com/2014/11/navier-stokes-equation-each-term.html},
	 journal={Simulation's World},
	 year={2014},
	 month={11}} 
 
@misc{fully_connected,
	doi = {10.48550/ARXIV.2204.01368},
	url = {https://arxiv.org/abs/2204.01368},
	author = {Bertschinger, Daniel and Hertrich, Christoph and Jungeblut, Paul and Miltzow, Tillmann and Weber, Simon},
	keywords = {Computational Complexity (cs.CC), Machine Learning (cs.LG), Neural and Evolutionary Computing (cs.NE), FOS: Computer and information sciences, FOS: Computer and information sciences},
	title = {Training Fully Connected Neural Networks is $\exists\mathbb{R}$-Complete},
	publisher = {arXiv},
	year = {2022},
	copyright = {arXiv.org perpetual, non-exclusive license}
}
@misc{FlowPy, title={Gauravsdeshmukh/Flowpy: A 2D finite difference fluid flow solver written in python with numpy Vectorization for fast performance. currently it supports single phase flow in the laminar regime.}, url={https://github.com/gauravsdeshmukh/FlowPy}, journal={GitHub FlowPy}, publisher={Gaurav Deshmukh}, author={Gaurav Deshmukh}} 

@misc{raissi_karniadakis_2017, title={Hidden physics models: Machine learning of nonlinear partial differential equations}, url={https://www.sciencedirect.com/science/article/pii/S0021999117309014}, journal={Journal of Computational Physics}, publisher={Academic Press}, author={Raissi, Maziar and Karniadakis, George Em}, year={2017}, month={Dec}
} 

@misc{physics-informed-machine-learning,
	title = {What is physics-informed machine learning},
	url = {https://www.pnnl.gov/explainer-articles/physics-informed-machine-learning},
	journal = {Physics-informed Machine Learning},
	publisher={Pacific Northwest National Laboratory (PNNL)}
	}


